@misc { youtube:tensor0,
 author = "eigenchris",
 title = "{Tensors for Beginners 0: Tensor Definition}",
 year = "2020",
 howpublished = {\url{https://youtu.be/TvxmkZmBa-k}}
 note = "[Online; accessed 24-August-2020]"
}

@misc { youtube:tensor1,
 author = "eigenchris",
 title = "{Tensors for Beginners 1: Forward and Backward Transformations}",
 year = "2020",
 howpublished = {\url{https://youtu.be/sdCmW5N1LW4}}
 note = "[Online; accessed 24-August-2020]"
}

@misc { youtube:tensor2,
 author = "eigenchris",
 title = "{Tensors for Beginners 2: Vector definition}",
 year = "2020",
 howpublished = {\url{https://youtu.be/uPbBDToXjBw}}
 note = "[Online; accessed 24-August-2020]"
}

@misc { youtube:tensor3,
 author = "eigenchris",
 title = "{Tensors for Beginners 3: Vector Transformation Rules}",
 year = "2020",
 howpublished = {\url{https://youtu.be/A1h_eucHFW4}}
 note = "[Online; accessed 24-August-2020]"
}

@misc { youtube:tensor4,
 author = "eigenchris",
 title = "{Tensors for Beginners 4: What are Covectors?}",
 year = "2020",
 howpublished = {\url{https://youtu.be/LNoQ_Q5JQMY}}
 note = "[Online; accessed 24-August-2020]"
}

@misc { youtube:tensor5,
 author = "eigenchris",
 title = "{Tensors for Beginners 5: Covector Components}",
 year = "2020",
 howpublished = {\url{https://youtu.be/rG2q77qunSw}}
 note = "[Online; accessed 24-August-2020]"
}

@misc { youtube:tensor6,
 author = "eigenchris",
 title = "{Tensors for Beginners 7: Linear Maps}",
 year = "2020",
 howpublished = {\url{https://youtu.be/dtvM-CzNe50}}
 note = "[Online; accessed 24-August-2020]"
}

@misc { youtube:tensor7,
 author = "eigenchris",
 title = "{Tensors for Beginners 8: Linear Map Transformation Rules}",
 year = "2020",
 howpublished = {\url{https://youtu.be/SSSGA6ohkfw}}
 note = "[Online; accessed 24-August-2020]"
}

@misc { youtube:tensor8,
 author = "eigenchris",
 title = "{Tensors for Beginners 9: The Metric Tensor}",
 year = "2020",
 howpublished = {\url{https://youtu.be/C76lWSOTqnc}}
 note = "[Online; accessed 25-August-2020]"
}

@misc { youtube:tensor9,
 author = "eigenchris",
 title = "{Tensors for Beginners 10: Bilinear Forms}",
 year = "2020",
 howpublished = {\url{https://youtu.be/jLiBCaBEB3o}}
 note = "[Online; accessed 27-August-2020]"
}

@misc{ wiki:bilinear,
 author = "{Wikipedia contributors}",
 title = "Bilinear form --- {W}ikipedia{,} The Free Encyclopedia",
 year = "2020",
 howpublished = {\url{https://en.wikipedia.org/wiki/Bilinear_form#Symmetric,_skew-symmetric_and_alternating_forms}}
 note = "[Online; accessed 25-August-2020]"
}

@misc { youtube:tensor10,
 author = "eigenchris",
 title = "{Tensors for Beginners 11: Linear maps are Vector-Covector Pairs}",
 year = "2020",
 howpublished = {\url{https://youtu.be/YK2zVcWpROA}}
 note = "[Online; accessed 27-August-2020]"
}

@misc { youtube:tensor11,
 author = "eigenchris",
 title = "{Tensors for Beginners 13: Tensor Product vs Kronecker Product}",
 year = "2020",
 howpublished = {\url{https://youtu.be/qp_zg_TD0qE}}
 note = "[Online; accessed 30-August-2020]"
}

@misc { youtube:tensor12,
 author = "eigenchris",
 title = "{Tensors for Beginners 14: Tensors are general vector/covector combinations}",
 year = "2020",
 howpublished = {\url{https://youtu.be/9R4vhqvE_jw}}
 note = "[Online; accessed 31-August-2020]"
}
